% Encoding: UTF-8

@article{WilsonT06,
  author = {Wilson, Cyrus A. and Theriot, Julie A.},
  journal = {IEEE Transactions on Image Processing},
  number = 7,
  pages = {1939-1951},
  title = {A Correlation-Based Approach to Calculate Rotation and Translation of Moving Cells.},
  volume = 15,
  year = 2006
}

@article{Guhathakurta,
  title={Reducing Computed Tomography Reconstruction and Beam Hardening Artifacts by Data Fusion},
  author={Guhathakurta, Jajnabalkya and Kie√ü, Steffen and Hillebrand, J{\"u}rgen and Denecke, Julia and Effenberger, Ira and Simon, Sven},
  journal={Digital Industrial Radiology and Computed Tomography (DIR 2015)},
  year={2015},
}

@Article{FFTW05,
  author = 	 {Frigo, Matteo and Johnson, Steven~G.},
  title = 	 {The Design and Implementation of {FFTW3}},
  journal = 	 {Proceedings of the IEEE},
  year = 	 2005,
  volume =	 93,
  number =	 2,
  pages =	 {216--231},
  note =	 {Special issue on ``Program Generation, Optimization, and Platform Adaptation''}
}

@article{cooley-tukey,
 author = {James W. Cooley and John W. Tukey},
 journal = {Mathematics of Computation},
 number = {90},
 pages = {297-301},
 publisher = {American Mathematical Society},
 title = {An Algorithm for the Machine Calculation of Complex Fourier Series},
 volume = {19},
 year = {1965}
}

@article{cerna2000fundamentals,
  title={The fundamentals of FFT-based signal analysis and measurement},
  author={Cerna, Michael and Harvey, Audrey F},
  journal={National Instruments, Junho},
  year={2000}
}

@ARTICLE{castro1987regOfTransRot,
author={E. De Castro and C. Morandi},
journal={IEEE Transactions on Pattern Analysis and Machine Intelligence},
title={Registration of Translated and Rotated Images Using Finite Fourier Transforms},
year={1987},
volume={PAMI-9},
number={5},
pages={700-703}
}

@ARTICLE{wang1996_CT_markers,
author={M. Y. Wang and C. R. Maurer and J. M. Fitzpatrick and R. J. Maciunas},
journal={IEEE Transactions on Biomedical Engineering},
title={An automatic technique for finding and localizing externally attached markers in CT and MR volume images of the head},
year={1996},
volume={43},
number={6},
pages={627-637}
}

@ARTICLE{bulow13dof6registration,
author={H. B\"ulow and A. Birk},
journal={IEEE Transactions on Pattern Analysis and Machine Intelligence},
title={Spectral 6DOF Registration of Noisy 3D Range Data with Partial Overlap},
year={2013},
volume={35},
number={4},
pages={954-969}
}

@ARTICLE{lucchese02rangedatareg,
author={L. Lucchese and G. Doretto and G. M. Cortelazzo},
journal={IEEE Transactions on Pattern Analysis and Machine Intelligence},
title={A frequency domain technique for range data registration},
year={2002},
volume={24},
number={11},
pages={1468-1484}
}

@article{Brown92imageregistration,
 author = {Brown, Lisa Gottesfeld},
 title = {A Survey of Image Registration Techniques},
 journal = {ACM Comput. Surv.},
 volume = {24},
 number = {4},
 year = {1992},
 pages = {325--376},
} 

@ARTICLE{campbell08gradientcrosscorr,
author={N. A. Campbell and X. Wu},
title={Gradient Cross Correlation for Sub-Pixel Matching},
journal={Congress of the International Society for Photogrammetry and Remote Sensing},
year={2008},
volume={XXXVII},
pages={1065-1070},
}

@INPROCEEDINGS{kostelec03fftsonrot,
    author = {Peter J. Kostelec and Daniel N. Rockmore},
    title = {Ffts on the rotation group},
    booktitle = {Santa Fe Institute Working Papers Series},
    year = {2003},
    pages = {03--11}
}

@INPROCEEDINGS{censi09houghradon,
author={A. Censi and S. Carpin},
booktitle={Robotics and Automation, 2009. ICRA '09. IEEE International Conference on},
title={HSM3D: Feature-less global 6DOF scan-matching in the Hough/Radon domain},
year={2009},
pages={3899-3906}
}


@ONLINE{hdf5,
    author = {{The HDF Group}},
    title = "{Hierarchical Data Format, version 5}",
    year = {1997-NNNN},
    note = {\url{http://www.hdfgroup.org/HDF5/}}
}

@ONLINE{cppreference,
author={{cppreference.com}},
title={C++ reference},
year={2016},
note={\url{http://en.cppreference.com/w/cpp}}
}

@ONLINE{qt-core-docs,
author={{Qt Company}},
title={Qt Documentation - Qt Core C++ Classes},
year={2016},
note={\url{http://doc.qt.io/qt-5/qtcore-module.html}}
}

@ONLINE{qt-gui-docs,
author={{Qt Company}},
title={Qt Documentation - Qt GUI C++ Classes},
year={2016},
note={\url{http://doc.qt.io/qt-5/qtgui-module.html}}
}

@misc{wiki_imageregistration,
   author = "Wikipedia",
   title = "Image registration --- Wikipedia{,} The Free Encyclopedia",
   year = "2016",
   url = "https://en.wikipedia.org/w/index.php?title=Image_registration&oldid=711338461",
   note = "[Online; accessed 6-April-2016]"
 }

@misc{wiki_gimballock,
   author = "Wikipedia",
   title = "Gimbal lock --- Wikipedia{,} The Free Encyclopedia",
   year = "2016",
   url = "https://en.wikipedia.org/w/index.php?title=Gimbal_lock&oldid=709317216",
   note = "[Online; accessed 6-April-2016]"
}

@misc{wiki_eulerangles,
   author = "Wikipedia",
   title = "Euler angles --- Wikipedia{,} The Free Encyclopedia",
   year = "2016",
   url = "https://en.wikipedia.org/w/index.php?title=Euler_angles&oldid=706966354",
   note = "[Online; accessed 6-April-2016]"
}

@misc{wiki_pointreflection,
   author = "Wikipedia",
   title = "Point reflection --- Wikipedia{,} The Free Encyclopedia",
   year = "2016",
   url = "https://en.wikipedia.org/w/index.php?title=Point_reflection&oldid=703554658",
   note = "[Online; accessed 12-April-2016]"
}

@misc{wiki_crosscorr,
   author = "Wikipedia",
   title = "Cross-correlation --- Wikipedia{,} The Free Encyclopedia",
   year = "2016",
   url = "https://en.wikipedia.org/w/index.php?title=Cross-correlation&oldid=710266485",
   note = "[Online; accessed 12-April-2016]"
}

@MISC{wiki:graphic:3dsphere,
author={{Wikimedia Commons}},
title={3D Spherical.svg},
year={2009},
note={\url{http://upload.wikimedia.org/wikipedia/commons/4/4f/3D_Spherical.svg}}
}

@MISC{wiki:graphic:voxelgitter,
author={{Wikimedia Commons}},
title={Voxelgitter.png},
year={2008},
note={\url{https://upload.wikimedia.org/wikipedia/commons/b/b4/Voxelgitter.png}}
}
