% Encoding: UTF-8

@article{azevedo90,
author={S. G. Azevedo and D. J. Schneberk and J. P. Fitch and H. E. Martz},
journal={IEEE Transactions on Nuclear Science},
title={Calculation of the rotational centers in computed tomography sinograms},
year={1990},
volume={37},
number={4},
pages={1525-1540},
doi={10.1109/23.55866},
ISSN={0018-9499},
month={Aug},}

@inbook{Buzug2008_chap1,
author={T. Buzug},
title={Computed Tomography},
chapter={Fundamentals of X-ray Physics},
year={2008},
publisher={Springer Berlin Heidelberg},
address={Berlin, Heidelberg},
pages={15-73},
doi={10.1007/978-3-540-39408-2_2},
}

@inbook{Buzug2008_chap4,
author={T. Buzug},
title={Computed Tomography},
chapter={Fundamentals of Signal Processing},
year={2008},
publisher={Springer Berlin Heidelberg},
address={Berlin, Heidelberg},
pages={15-73},
doi={10.1007/978-3-540-39408-2_2},
}

